@article{Ratcliff2008TheDD,
  title={The Diffusion Decision Model: Theory and Data for Two-Choice Decision Tasks},
  author={Roger Ratcliff and Gail McKoon},
  journal={Neural Computation},
  year={2008},
  volume={20},
  pages={873-922},
  url={https://api.semanticscholar.org/CorpusID:10588249}
}
@article{Ratcliff1978ATO,
  title={A Theory of Memory Retrieval.},
  author={Roger Ratcliff},
  journal={Psychological Review},
  year={1978},
  volume={85},
  pages={59-108},
  url={https://api.semanticscholar.org/CorpusID:1166147}
}
@software{dahua_lin_2024_13838344,
  author       = {Dahua Lin and
                  David Widmann and
                  Simon Byrne and
                  John Myles White and
                  Andreas Noack and
                  Mathieu Besançon and
                  Douglas Bates and
                  John Pearson and
                  John Zito and
                  Alex Arslan and
                  Moritz Schauer and
                  Kevin Squire and
                  David Anthoff and
                  Theodore Papamarkou and
                  Jan Drugowitsch and
                  Benjamin Deonovic and
                  Avik Sengupta and
                  Seth Axen and
                  Viral B. Shah and
                  Brian J Smith and
                  Glenn Moynihan and
                  Giuseppe Ragusa and
                  Christoph Dann and
                  Mike J Innes and
                  Mohamed Tarek and
                  Michael and
                  Martin O'Leary and
                  Gustavo Lacerda},
  title        = {JuliaStats/Distributions.jl: v0.25.112},
  month        = sep,
  year         = 2024,
  publisher    = {Zenodo},
  version      = {v0.25.112},
  doi          = {10.5281/zenodo.13838344},
  url          = {https://doi.org/10.5281/zenodo.13838344}
}

@article{surjanovic2023pigeons,
  title={Pigeons.jl: {D}istributed sampling from intractable distributions},
  author={Surjanovic, Nikola and Biron-Lattes, Miguel and Tiede, Paul and Syed, Saifuddin and Campbell, Trevor and Bouchard-C{\^o}t{\'e}, Alexandre},
  journal={arXiv:2308.09769},
  year={2023}
}

@article{Fengler2020LikelihoodAN,
  title={Likelihood approximation networks (LANs) for fast inference of simulation models in cognitive neuroscience},
  author={Alexander Fengler and Lakshmi Narasimhan Govindarajan and Tony Chen and Michael Joshua Frank},
  journal={eLife},
  year={2020},
  volume={10},
  url={https://api.semanticscholar.org/CorpusID:227172783}
}

@inproceedings{ge2018t,
  author    = {Hong Ge and
               Kai Xu and
               Zoubin Ghahramani},
  title     = {Turing: a language for flexible probabilistic inference},
  booktitle = {International Conference on Artificial Intelligence and Statistics,
               {AISTATS} 2018, 9-11 April 2018, Playa Blanca, Lanzarote, Canary Islands,
               Spain},
  pages     = {1682--1690},
  year      = {2018},
  url       = {http://proceedings.mlr.press/v84/ge18b.html},
  biburl    = {https://dblp.org/rec/bib/conf/aistats/GeXG18},
}

@article{Shinn2020AFF,
  title={A flexible framework for simulating and fitting generalized drift-diffusion models},
  author={Maxwell Shinn and Norman H Lam and John D. Murray},
  journal={eLife},
  year={2020},
  volume={9},
  url={https://api.semanticscholar.org/CorpusID:214722152}
}
@article{Fengler2022BeyondDD,
  title={Beyond Drift Diffusion Models: Fitting a broad class of decision and RL models with HDDM},
  author={Alexander Fengler and Krishn Bera and Mads L. Pedersen and Michael Joshua Frank},
  journal={bioRxiv},
  year={2022},
  url={https://api.semanticscholar.org/CorpusID:251443864}
}

@article{tillman2020sequential,
  title={Sequential sampling models without random between-trial variability: The racing diffusion model of speeded decision making},
  author={Tillman, Gabriel and Van Zandt, Trish and Logan, Gordon D},
  journal={Psychonomic Bulletin \& Review},
  volume={27},
  number={5},
  pages={911--936},
  year={2020},
  publisher={Springer}
}

@article{ratcliff2016diffusion,
  title={Diffusion decision model: Current issues and history},
  author={Ratcliff, Roger and Smith, Philip L and Brown, Scott D and McKoon, Gail},
  journal={Trends in cognitive sciences},
  volume={20},
  number={4},
  pages={260--281},
  year={2016},
  publisher={Elsevier}
}

@article{brown2008simplest,
  title={The simplest complete model of choice response time: Linear ballistic accumulation},
  author={Brown, Scott D and Heathcote, Andrew},
  journal={Cognitive psychology},
  volume={57},
  number={3},
  pages={153--178},
  year={2008},
  publisher={Elsevier}
}
@article{wiecki2013hddm,
  title={HDDM: Hierarchical Bayesian estimation of the drift-diffusion model in Python},
  author={Wiecki, Thomas V and Sofer, Imri and Frank, Michael J},
  journal={Frontiers in neuroinformatics},
  volume={7},
  pages={55610},
  year={2013},
  publisher={Frontiers}
}
@article{vandekerckhove2008diffusion,
  title={Diffusion model analysis with MATLAB: A DMAT primer},
  author={Vandekerckhove, Joachim and Tuerlinckx, Francis},
  journal={Behavior research methods},
  volume={40},
  number={1},
  pages={61--72},
  year={2008},
  publisher={Springer}
}
@article{stevenson2024emc2,
  title={EMC2: An R Package for cognitive models of choice},
  author={Stevenson, Niek and Donzallaz, Michelle C and Innes, RJ and Forstmann, Birte and Matzke, Dora and Heathcote, Andrew},
  year={2024}
}

@article{forstmann2016sequential,
  title={Sequential sampling models in cognitive neuroscience: Advantages, applications, and extensions},
  author={Forstmann, Birte U and Ratcliff, Roger and Wagenmakers, E-J},
  journal={Annual review of psychology},
  volume={67},
  number={1},
  pages={641--666},
  year={2016},
  publisher={Annual Reviews}
}

@article{hBayesDM,
  title = {Revealing Neurocomputational Mechanisms of Reinforcement Learning and Decision-Making With the {hBayesDM} Package},
  author = {Ahn, Woo-Young and Haines, Nathaniel and Zhang, Lei},
  journal = {Computational Psychiatry},
  year = {2017},
  volume = {1},
  pages = {24--57},
  publisher = {MIT Press},
  url = {doi:10.1162/CPSY_a_00002},
}

@article{PlotsJL,
  doi = {https://doi.org/10.5334/jors.431},
  url = {https://openresearchsoftware.metajnl.com/articles/10.5334/jors.431/},
  author = {Christ, Simon and Schwabeneder, Daniel and Rackauckas, Christopher and Borregaard, Michael Krabbe and Breloff, Thomas},
  keywords = {Graphics (cs.GR), FOS: Computer and information sciences, FOS: Computer and information sciences, I.3.3},
  title = {Plots.jl -- a user extendable plotting API for the julia programming language},
  publisher = {Journal of Open Research Software},
  year = {2023},
  copyright = {Creative Commons Attribution 4.0 International}
}

@misc{singmann2018package,
  title={Package ‘rtdists’},
  author={Singmann, Henrik and Brown, Scott and Gretton, Matthew and Heathcote, Andrew and Voss, Andreas and Voss, Jochen and Terry, Andrew},
  year={2018}
}

@article{hartmann2021partial,
  title={Partial derivatives for the first-passage time distribution in Wiener diffusion models},
  author={Hartmann, Raphael and Klauer, Karl Christoph},
  journal={Journal of Mathematical Psychology},
  volume={103},
  pages={102550},
  year={2021},
  publisher={Elsevier}
}

@article{smith2000stochastic,
  title={Stochastic dynamic models of response time and accuracy: A foundational primer},
  author={Smith, Philip L},
  journal={Journal of mathematical psychology},
  volume={44},
  number={3},
  pages={408--463},
  year={2000},
  publisher={Elsevier}
}

@article{murrow2024pybeam,
  title={PyBEAM: A Bayesian approach to parameter inference for a wide class of binary evidence accumulation models},
  author={Murrow, Matthew and Holmes, William R},
  journal={Behavior Research Methods},
  volume={56},
  number={3},
  pages={2636--2656},
  year={2024},
  publisher={Springer}
}

@article{wabersich2014rwiener,
  title={The RWiener Package: an R Package Providing Distribution Functions for the Wiener Diffusion Model.},
  author={Wabersich, Dominik and Vandekerckhove, Joachim},
  journal={R Journal},
  volume={6},
  number={1},
  year={2014}
}

@book{palestro2018likelihood,
  title={Likelihood-free methods for cognitive science},
  author={Palestro, James J and Sederberg, Per B and Osth, Adam F and Van Zandt, Trisha and Turner, Brandon M},
  year={2018},
  publisher={Springer}
}

@article{innesFlux,
  author    = {Mike Innes},
  title     = {Flux: Elegant Machine Learning with Julia},
  journal   = {Journal of Open Source Software},
  year      = {2018},
  doi       = {10.21105/joss.00602},
}

@misc{ParetoSmooth.jl,
	author  = {Carlos Parada <cdp49@cam.ac.uk>},
	title   = {ParetoSmooth.jl},
	url     = {https://github.com/TuringLang/ParetoSmooth.jl},
	version = {v0.7.1},
	year    = {2021},
	month   = {6}
}

@Article{Vehtari2017,
  author={Vehtari, Aki
  and Gelman, Andrew
  and Gabry, Jonah},
  title={Practical Bayesian model evaluation using leave-one-out cross-validation and WAIC},
  journal={Statistics and Computing},
  year={2017},
  month={Sep},
  day={01},
  volume={27},
  number={5},
  pages={1413-1432},
  issn={1573-1375},
  doi={10.1007/s11222-016-9696-4},
  url={https://doi.org/10.1007/s11222-016-9696-4}
}
